@article{o2001choice,
  title={{Choice and Procrastination}},
  author={O'Donoghue, T. and Rabin, M.},
  journal={Quarterly Journal of Economics},
  volume={116},
  number={1},
  pages={121--160},
  year={2001},
  publisher={MIT Press}
}

@article{solomon1984academic,
  title={{Academic Procrastination: Frequency and Cognitive-Behavioral Correlates}},
  author={Solomon, L.J. and Rothblum, E.D.},
  journal={Journal of Counseling Psychology},
  volume={31},
  number={4},
  pages={503--509},
  year={1984}
}

@article{yellowlees2007problematic,
  title={{Problematic Internet Use or Internet Addiction?}},
  author={Yellowlees, P.M. and Marks, S.},
  journal={Computers in Human Behavior},
  volume={23},
  number={3},
  pages={1447--1453},
  year={2007},
  publisher={Elsevier}
}

@article{ariely2002procrastination,
  title={{Procrastination, Deadlines, and Performance: Self-Control by Precommitment}},
  author={Ariely, D. and Wertenbroch, K.},
  journal={Psychological Science},
  pages={219--224},
  year={2002},
  publisher={Blackwell Publishing}
}

@article{steel2007nature,
  title={{The Nature of Procrastination: A Meta-Analytic and Theoretical Review of Quintessential Self-Regulatory Failure}},
  author={Steel, P.},
  journal={Psychological Bulletin},
  volume={133},
  number={1},
  pages={65},
  year={2007},
  publisher={APA AMERICAN PSYCHOLOGICAL ASSOCIATION}
}

@book{burka2004procrastination,
  title={{Procrastination: Why You Do It, What To Do About It}},
  author={Burka, J.B. and Yuen, L.M.},
  year={2004},
  publisher={Da Capo Press}
}

@Book{panian05informatickirjecnik,
  author = 	 {Panian,, Željko},
  title = 	 {Informatički Enciklopedijski rječnik, @--L},
  publisher = 	 {Europapress holding},
  year = 	 {2005},
  volume = 	 {1}
}

@article{Caballero95neuro,
  author = 	 {Ruiz-Caballero,, J. A. and Bermudez,, J.},
  title = 	 {Neuroticism, Mood, and Retrieval of Negative Personal Memories},
  journal =  {Journal of General Psychology},
  year = 	 {1995},
  pages = 	 {29-35}
}
@article{Saklofske95neuro,
  author = 	 {Saklofske,, D. F. and Kelly,, I. W. and Janzen, B. L. },
  title = 	 {Neuroticism, Depression, and Depression Proneness},
  journal =  {Personality and Individual Differences},
  year = 	 {1995},
  pages = 	 {27-31}
}

@Misc{TuckerPsySelfHelp,
  author = 	 {Tucker-Ladd,, Clayton E.},
  title = 	 {Psychological Self-Help},
  note = 	{ www.psychologicalselfhelp.org, posjećeno: 5.11.2009.}
}

@Misc{ColDeg25ways,
	title = {25 Ways to Break Your Online Procrastination Habit},
	note = {http://www.collegedegree .com/library/college-life/25-ways-to-break-your-online-procrastination-habit, posjećeno: 5.11.2009.}
}

@Misc{PickBrain5reasons,
	title = {5 Reasons You Procrastinate and How to Overcome Them},
	note = {http://www.pickthe brain.com/blog/5-reasons-you-procrastinate-and-how-to-overcome-them/, posjećeno: 6.11.2009.}
}

@Misc{Lifehack6reasons,
	title = {6 Reasons on Why are You Procrastinating},
	note = {http://www.lifehack.org/articles/lifehack/6-reasons-on-why-are-you-procrastinating .html, posjećeno: 6.11.2009.}
}
